<?xml version="1.0" encoding="UTF-8"?><record xmlns="http://www.loc.gov/MARC21/slim" xmlns:cinclude="http://apache.org/cocoon/include/1.0" xmlns:zs="http://www.loc.gov/zing/srw/">
  <leader>00719cz  a2200145n  4500</leader>
  <controlfield tag="001">no 96038707 </controlfield>
  <controlfield tag="003">DLC</controlfield>
  <controlfield tag="005">20051018074244.0</controlfield>
  <controlfield tag="008">960801n| acannaab           |n ana     c</controlfield>
  <datafield tag="010" ind1=" " ind2=" ">
    <subfield code="a">no 96038707 </subfield>
  </datafield>
  <datafield tag="035" ind1=" " ind2=" ">
    <subfield code="a">(OCoLC)oca04132435</subfield>
  </datafield>
  <datafield tag="040" ind1=" " ind2=" ">
    <subfield code="a">OBgU-MA</subfield>
    <subfield code="c">OBgU-MA</subfield>
    <subfield code="d">DLC</subfield>
  </datafield>
  <datafield tag="110" ind1="2" ind2=" ">
    <subfield code="a">Southern Comfort (Rock group : 1970-1972)</subfield>
  </datafield>
  <datafield tag="670" ind1=" " ind2=" ">
    <subfield code="a">Duncan Pain [SR] 1970:</subfield>
    <subfield code="b">container (Southern Comfort)</subfield>
  </datafield>
  <datafield tag="670" ind1=" " ind2=" ">
    <subfield code="a">AMG, Oct. 17, 2005</subfield>
    <subfield code="b">(Southern Comfort; formed 1970; comprised of Carl Barnwell (guitar, vocals), Ray Duffy (drums), Mark Griffiths (guitar), Gordon Huntley (pedal steel guitar), and Andy Leigh (bass, vocals); rock group; disbanded after its Stir don't shake album, 1972; a post-mortem compilation, Distilled, issued in 1976)</subfield>
  </datafield>
</record>